@article{rubin2005causal,
  title={Causal inference using potential outcomes: Design, modeling, decisions},
  author={Rubin, Donald B},
  journal={Journal of the American Statistical Association},
  volume={100},
  number={469},
  pages={322--331},
  year={2005},
  publisher={Taylor \& Francis}
}

@article{padmanabhan2008improved,
  title={An improved photometric calibration of the Sloan Digital Sky Survey imaging data},
  author={Padmanabhan, Nikhil and Schlegel, David J and Finkbeiner, Douglas P and Barentine, JC and Blanton, Michael R and Brewington, Howard J and Gunn, James E and Harvanek, Michael and Hogg, David W and Ivezi{\'c}, {\v{Z}}eljko and others},
  journal={The Astrophysical Journal},
  volume={674},
  number={2},
  pages={1217},
  year={2008},
  publisher={IOP Publishing}
}

@book{walter2014identifiability,
  title={Identifiability of parametric models},
  author={Walter, Eric},
  year={2014},
  publisher={Elsevier}
}

@book{borenstein2011introduction,
  title={Introduction to meta-analysis},
  author={Borenstein, Michael and Hedges, Larry V and Higgins, Julian PT and Rothstein, Hannah R},
  year={2011},
  publisher={John Wiley \& Sons}
}

@article{tabak2018explanation,
  title={Explanation of variability and removal of confounding factors from data through optimal transport},
  author={Tabak, Esteban G and Trigila, Giulio},
  journal={Communications on Pure and Applied Mathematics},
  volume={71},
  number={1},
  pages={163--199},
  year={2018},
  publisher={Wiley Online Library}
}

@article{johnson2007adjusting,
  title={Adjusting batch effects in microarray expression data using empirical Bayes methods},
  author={Johnson, W Evan and Li, Cheng and Rabinovic, Ariel},
  journal={Biostatistics},
  volume={8},
  number={1},
  pages={118--127},
  year={2007},
  publisher={Oxford University Press}
}

@article{benjamini2005false,
  title={False discovery rate--adjusted multiple confidence intervals for selected parameters},
  author={Benjamini, Yoav and Yekutieli, Daniel},
  journal={Journal of the American Statistical Association},
  volume={100},
  number={469},
  pages={71--81},
  year={2005},
  publisher={Taylor \& Francis}
}

@article{goodman1965simultaneous,
  title={On simultaneous confidence intervals for multinomial proportions},
  author={Goodman, Leo A},
  journal={Technometrics},
  volume={7},
  number={2},
  pages={247--254},
  year={1965},
  publisher={Taylor \& Francis}
}

@book{koller2009probabilistic,
  title={Probabilistic graphical models: principles and techniques},
  author={Koller, Daphne and Friedman, Nir},
  year={2009},
  publisher={MIT press}
}

@article{loken2017measurement,
  title={Measurement error and the replication crisis},
  author={Loken, Eric and Gelman, Andrew},
  journal={Science},
  volume={355},
  number={6325},
  pages={584--585},
  year={2017},
  publisher={American Association for the Advancement of Science}
}

@article{hesterberg2015teachers,
  title={What teachers should know about the bootstrap: Resampling in the undergraduate statistics curriculum},
  author={Hesterberg, Tim C},
  journal={The American Statistician},
  volume={69},
  number={4},
  pages={371--386},
  year={2015},
  publisher={Taylor \& Francis}
}

@article{wu1983convergence,
  title={On the convergence properties of the EM algorithm},
  author={Wu, CF Jeff},
  journal={The Annals of statistics},
  pages={95--103},
  year={1983},
  publisher={JSTOR}
}

@inbook{flach2012machine,
  title={Machine learning: the art and science of algorithms that make sense of data},
  author={Flach, Peter},
  year={2012},
  pages={279},
  publisher={Cambridge University Press}
}

@article{andrews2000inconsistency,
  title={Inconsistency of the bootstrap when a parameter is on the boundary of the parameter space},
  author={Andrews, Donald WK},
  journal={Econometrica},
  volume={68},
  number={2},
  pages={399--405},
  year={2000},
  publisher={Wiley Online Library}
}

@article{johnson2007adjusting,
  title={Adjusting batch effects in microarray expression data using empirical Bayes methods},
  author={Johnson, W Evan and Li, Cheng and Rabinovic, Ariel},
  journal={Biostatistics},
  volume={8},
  number={1},
  pages={118--127},
  year={2007},
  publisher={Oxford University Press}
}

@article{steinman1973identification,
  title={Identification of a novel cell type in peripheral lymphoid organs of mice: I. Morphology, quantitation, tissue distribution},
  author={Steinman, Ralph M and Cohn, Zanvil A},
  journal={Journal of Experimental Medicine},
  volume={137},
  number={5},
  pages={1142--1162},
  year={1973},
  publisher={Rockefeller University Press}
}

@article{cieslik2018cancer,
  title={Cancer transcriptome profiling at the juncture of clinical translation},
  author={Cie{\'s}lik, Marcin and Chinnaiyan, Arul M},
  journal={Nature Reviews Genetics},
  volume={19},
  number={2},
  pages={93},
  year={2018},
  publisher={Nature Publishing Group}
}

@article{bloomfield1982physiological,
  title={A physiological and morphological study of the horizontal cell types of the rabbit retina},
  author={Bloomfield, Stewart A and Miller, Robert F},
  journal={Journal of Comparative Neurology},
  volume={208},
  number={3},
  pages={288--303},
  year={1982},
  publisher={Wiley Online Library}
}


@inproceedings{kivinen1995additive,
  title={Additive versus exponentiated gradient updates for linear prediction},
  author={Kivinen, Jyrki and Warmuth, Manfred K},
  booktitle={Proceedings of the twenty-seventh annual ACM symposium on Theory of computing},
  pages={209--218},
  year={1995},
  organization={ACM}
}

@book{brazzale2007applied,
  title={Applied asymptotics: case studies in small-sample statistics},
  author={Brazzale, Alessandra R and Davison, Anthony Christopher and Reid, Nancy and others},
  volume={23},
  year={2007},
  publisher={Cambridge University Press}
}

@article{owen1988empirical,
  title={Empirical likelihood ratio confidence intervals for a single functional},
  author={Owen, Art B},
  journal={Biometrika},
  volume={75},
  number={2},
  pages={237--249},
  year={1988},
  publisher={Oxford University Press}
}

@article{morey2016fallacy,
  title={The fallacy of placing confidence in confidence intervals},
  author={Morey, Richard D and Hoekstra, Rink and Rouder, Jeffrey N and Lee, Michael D and Wagenmakers, Eric-Jan},
  journal={Psychonomic bulletin \& review},
  volume={23},
  number={1},
  pages={103--123},
  year={2016},
  publisher={Springer}
}

@article{hartmann2018identifiability,
  title={Identifiability of material parameters in solid mechanics},
  author={Hartmann, Stefan and Gilbert, Rose Rogin},
  journal={Archive of Applied Mechanics},
  volume={88},
  number={1-2},
  pages={3--26},
  year={2018},
  publisher={Springer}
}

@article{luebeck2002multistage,
  title={Multistage carcinogenesis and the incidence of colorectal cancer},
  author={Luebeck, E Georg and Moolgavkar, Suresh H},
  journal={Proceedings of the National Academy of Sciences},
  volume={99},
  number={23},
  pages={15095--15100},
  year={2002},
  publisher={National Acad Sciences}
}

@article{brouwer2017parameter,
  title={Parameter estimation for multistage clonal expansion models from cancer incidence data: A practical identifiability analysis},
  author={Brouwer, Andrew F and Meza, Rafael and Eisenberg, Marisa C},
  journal={PLoS computational biology},
  volume={13},
  number={3},
  pages={e1005431},
  year={2017},
  publisher={Public Library of Science}
}

@article{raue2009structural,
  title={Structural and practical identifiability analysis of partially observed dynamical models by exploiting the profile likelihood},
  author={Raue, Andreas and Kreutz, Clemens and Maiwald, Thomas and Bachmann, Julie and Schilling, Marcel and Klingm{\"u}ller, Ursula and Timmer, Jens},
  journal={Bioinformatics},
  volume={25},
  number={15},
  pages={1923--1929},
  year={2009},
  publisher={Oxford University Press}
}

@article{gouwens2018classification,
  title={Classification of electrophysiological and morphological types in mouse visual cortex},
  author={Gouwens, Nathan W and Sorensen, Staci A and Berg, Jim and Lee, Changkyu and Jarsky, Tim and Ting, Jonathan and Sunkin, Susan M and Feng, David and Anastassiou, Costas and Barkan, Eliza and others},
  journal={bioRxiv},
  pages={368456},
  year={2018},
  publisher={Cold Spring Harbor Laboratory}
}

@article{tasic2017shared,
  title={Shared and distinct transcriptomic cell types across neocortical areas},
  author={Tasic, Bosiljka and Yao, Zizhen and Smith, Kimberly A and Graybuck, Lucas and Nguyen, Thuc Nghi and Bertagnolli, Darren and Goldy, Jeff and Garren, Emma and Economo, Michael N and Viswanathan, Sarada and others},
  journal={bioRxiv},
  pages={229542},
  year={2017},
  publisher={Cold Spring Harbor Laboratory}
}

@inproceedings{srivastava2018survey,
  title={A Survey on Automatic Image Captioning},
  author={Srivastava, Gargi and Srivastava, Rajeev},
  booktitle={International Conference on Mathematics and Computing},
  pages={74--83},
  year={2018},
  organization={Springer}
}

@article{haibe2013inconsistency,
  title={Inconsistency in large pharmacogenomic studies},
  author={Haibe-Kains, Benjamin and El-Hachem, Nehme and Birkbak, Nicolai Juul and Jin, Andrew C and Beck, Andrew H and Aerts, Hugo JWL and Quackenbush, John},
  journal={Nature},
  volume={504},
  number={7480},
  pages={389},
  year={2013},
  publisher={Nature Publishing Group}
}

@article{imamura2015comparison,
  title={Comparison of 2D-and 3D-culture models as drug-testing platforms in breast cancer},
  author={Imamura, Yoshinori and Mukohara, Toru and Shimono, Yohei and Funakoshi, Yohei and Chayahara, Naoko and Toyoda, Masanori and Kiyota, Naomi and Takao, Shintaro and Kono, Seishi and Nakatsura, Tetsuya and others},
  journal={Oncology reports},
  volume={33},
  number={4},
  pages={1837--1843},
  year={2015},
  publisher={Spandidos Publications}
}

@article{azuaje2016computational,
  title={Computational models for predicting drug responses in cancer research},
  author={Azuaje, Francisco},
  journal={Briefings in bioinformatics},
  volume={18},
  number={5},
  pages={820--829},
  year={2016},
  publisher={Oxford University Press}
}

@article{baker2016reproducibility,
  title={REPRODUCIBILITY CRISIS?},
  author={Baker, Monya},
  journal={Nature},
  volume={533},
  pages={26},
  year={2016}
}

@article{de2005gauge,
  title={Gauge R\&R studies for destructive measurements},
  author={De Mast, Jeroen and Trip, Albert},
  journal={Journal of Quality Technology},
  volume={37},
  number={1},
  pages={40},
  year={2005},
  publisher={American Society for Quality}
}

@article{bipm2008international,
  title={International vocabulary of metrology--basic and general concepts and associated terms, 2008},
  author={BiPM, IEC and IFcc, ILAc and ISO, IUPAC and IUPAP, OIML},
  journal={JcGM},
  volume={200},
  pages={99--12},
  year={2008}
}

@article{kannan2012random,
  title={Random walks on polytopes and an affine interior point method for linear programming},
  author={Kannan, Ravindran and Narayanan, Hariharan},
  journal={Mathematics of Operations Research},
  volume={37},
  number={1},
  pages={1--20},
  year={2012},
  publisher={INFORMS}
}

@article{crow2018characterizing,
  title={Characterizing the replicability of cell types defined by single cell RNA-sequencing data using MetaNeighbor},
  author={Crow, Megan and Paul, Anirban and Ballouz, Sara and Huang, Z Josh and Gillis, Jesse},
  journal={Nature communications},
  volume={9},
  number={1},
  pages={884},
  year={2018},
  publisher={Nature Publishing Group}
}

@article{kiselev2018scmap,
  title={scmap: projection of single-cell RNA-seq data across data sets},
  author={Kiselev, Vladimir Yu and Yiu, Andrew and Hemberg, Martin},
  journal={Nature methods},
  year={2018},
  publisher={Nature Publishing Group}
}

@article{brieden2001deterministic,
  title={Deterministic and randomized polynomial-time approximation of radii},
  author={Brieden, Andreas and Gritzmann, Peter and Kannan, Ravindran and Klee, Victor and Lov{\'a}sz, L{\'a}szl{\'o} and Simonovits, Mikl{\'o}s},
  journal={Mathematika},
  volume={48},
  number={1-2},
  pages={63--105},
  year={2001},
  publisher={London Mathematical Society}
}

@inproceedings{brieden1998approximation,
  title={Approximation of diameters: Randomization doesn't help},
  author={Brieden, Andreas and Gritzmann, Peter and Kannan, Ravi and Klee, Victor and Lov{\'a}sz, L{\'a}szl{\'o} and Simonovits, Mikl{\'o}s},
  booktitle={Foundations of Computer Science, 1998. Proceedings. 39th Annual Symposium on},
  pages={244--251},
  year={1998},
  organization={IEEE}
}

@inproceedings{bonet2001instrumentality,
  title={Instrumentality tests revisited},
  author={Bonet, Blai},
  booktitle={Proceedings of the Seventeenth conference on Uncertainty in artificial intelligence},
  pages={48--55},
  year={2001},
  organization={Morgan Kaufmann Publishers Inc.}
}

@article{clauser1969proposed,
  title={Proposed experiment to test local hidden-variable theories},
  author={Clauser, John F and Horne, Michael A and Shimony, Abner and Holt, Richard A},
  journal={Physical review letters},
  volume={23},
  number={15},
  pages={880},
  year={1969},
  publisher={APS}
}

@article{chaves2014inferring,
  title={Inferring latent structures via information inequalities},
  author={Chaves, Rafael and Luft, Lukas and Maciel, Thiago O and Gross, David and Janzing, Dominik and Sch{\"o}lkopf, Bernhard},
  journal={arXiv preprint arXiv:1407.2256},
  year={2014}
}

@article{kela2017semidefinite,
  title={Semidefinite tests for latent causal structures},
  author={Kela, Aditya and von Prillwitz, Kai and Aberg, Johan and Chaves, Rafael and Gross, David},
  journal={arXiv preprint arXiv:1701.00652},
  year={2017}
}

@article{makarov1982estimates,
  title={Estimates for the distribution function of a sum of two random variables when the marginal distributions are fixed},
  author={Makarov, GD},
  journal={Theory of Probability \& its Applications},
  volume={26},
  number={4},
  pages={803--806},
  year={1982},
  publisher={SIAM}
}